@online{Nagel2021,
	author = {Dr. rer. nat. Geraldine Nagel},
	year = {2021},
	date-modified = {2022-01-01},
	lastchecked = {2021-10-28},
	title = {Bakterien: Aufbau und Struktur},
	url = {https://www.onmeda.de/krankheitserreger/bakterien_aufbau_struktur.html},
	urldate = {2021-10-08}
}

@report{WMR2020,
	author = {Marie McAuliffe et al.},
	date-added = {2022-01-01},
	date-modified = {2022-01-01},
	keywords = {World Migrtion Report},
	month = {11},
	publisher = {International Organization for Migration},
	title = {World Migration Report 2020},
	url = {https://publications.iom.int/system/files/pdf/wmr_2020.pdf},
	year = {2019}}
	

@article{Ritchie2021,
    author = {Hannah Ritchie and Max Roser},
    title = {CO\textsubscript{2} and Greenhouse Gas Emissions},
    journal = {Our World in Data},
    year = {2020},
    url = {https://ourworldindata.org/co2-and-other-greenhouse-gas-emissions}
}

@article{Ehrlich1966,
    author = {STANISŁAW Ehrlich},
    title = {International Pressure Groups (A contribution to the sociology of the international relations of the capitalist world)},
    journal = {The Polish Sociological Bulletin, no. 13, 1966, pp. 27–37},
    year = {1966},
    url = {http://www.jstor.org/stable/44824672}
}

@online{Lammar2013,
	author = {Rom Lammar},
	year = {2013},
	date-modified = {2013-11-19},
	lastchecked = {2021-12-31},
	title = {Steigender Wohlstand weltweit},
	url = {https://www.unsere-welt.net/steigender-wohlstand-weltweit},
	urldate = {2013-11-19}
}

@online{Radtke2021,
	author = {Rainer Radtke},
	year = {2021},
	date-modified = {2021-07-01},
	lastchecked = {2021-12-31},
	title = {Durchschnittliche Lebenserwartung bei Geburt nach Geschlecht weltweit in den Jahren 1990 bis 2019.},
	url = {https://de.statista.com/statistik/daten/studie/227318/umfrage/weltweite-lebenserwartung-bei-geburt-nach-geschlecht},
	urldate = {2021-07-01}
}

@online{WikipGlobWirtsch,
    author = {Wikipedia},
	year = {2021},
	date-modified = {2021-12-28},
	lastchecked = {2022-01-02},
	title = {Globalisierung der Wirtschaft},
	url = {https://de.wikipedia.org/w/index.php?title=Globalisierung&oldid=218568410#Globalisierung_der_Wirtschaft},
	urldate = {2022-01-02}
}

@online{Sprache2016,
    author = {Auswärtiges Amt},
	year = {2017},
	date-modified = {2017-04-03},
	lastchecked = {2022-01-02},
	title = {Weltsprache - Verbreitung der englischen Sprache, 2016},
	url = {https://www.bpb.de/52515},
	urldate = {2021-12-31}
}

@online{Lohrmann,
    author = {Julia Lohrmann},
	year = {2004},
	date-modified = {2020-04-22},
	lastchecked = {2022-01-02},
	title = {Geschichte der Menschenrechte},
	url = {https://www.planet-wissen.de/geschichte/menschenrechte/geschichte_der_menschenrechte/index.html},
	urldate = {2022-01-02}
}

@online{WikipMenschRechte,
    author = {Wikipedia},
	year = {2021},
	date-modified = {2021-12-14},
	lastchecked = {2022-01-02},
	title = {Menschenrechte},
	url = {https://de.wikipedia.org/w/index.php?title=Menschenrechte&oldid=218188436},
	urldate = {2022-01-02}
}

@online{Urmersbach2021,
    author = {Bruno Urmersbach},
	year = {2021},
	date-modified = {2021-05-17},
	lastchecked = {2022-01-02},
	title = {Entwicklung der weltweiten Exporte im Warenhandel von 1948 bis 2020},
	url = {https://de.statista.com/statistik/daten/studie/37143/umfrage/weltweites-exportvolumen-im-handel-seit-1950/},
	urldate = {2022-01-02}
}

@online{Roser2016,
    author = {Max Roser},
	year = {2016},
	date-modified = {2016-10-01},
	lastchecked = {2022-01-02},
	title = {Anzahl und Anteil der in absoluter Armut lebenden Menschen weltweit in den Jahren 1820, 1970, 2011},
	url = {https://de.statista.com/statistik/daten/studie/687520/umfrage/in-absoluter-armut-lebende-menschen-weltweit},
	urldate = {2022-01-02}
}

@online{Renz2001,
    author = {Alexander Renz},
	year = {2001},
	date-modified = {2001-07-01},
	lastchecked = {2022-01-02},
	title = {Chancen und Risiken der Globalisierung},
	url = {https://www.grin.com/document/101930},
	urldate = {2022-01-02}
}

@online{IntGB2010,
    author = {Internationaler Gewerkschaftsbund},
	year = {2010},
	date-modified = {2010-07-28},
	lastchecked = {2022-01-02},
	title = {Internationaler Gewerkschaftsbund: 2. Weltkongress},
	url = {https://www.ituc-csi.org/entschliessung-die-globalisierung},
	urldate = {2022-01-02}
}

@online{Ebert2005,
    author = {Dr. B. Ebert and B. Fleischer},
	year = {2005},
	date-modified = {2005},
	lastchecked = {2022-01-02},
	title = {Globale Erwärmung und Ausbreitung von Infektionskrankheiten},
	url = {https://www.rki.de/DE/Content/Gesund/Umwelteinfluesse/Klimawandel/Bundesgesundheitsblatt_2005_48_55-62.pdf?__blob=publicationFile},
	urldate = {2022-01-02}
}

@online{BZgA2021,
    author = {Bundeszentrale für gesundheitliche Aufklärung},
	year = {2021},
	date-modified = {2021},
	lastchecked = {2022-01-02},
	title = {Bakterien},
	url = {https://www.infektionsschutz.de/infektionskrankheiten/erregerarten/bakterien},
	urldate = {2022-01-02}
}

@online{Keller2021,
    author = {Sarah Keller},
	year = {2021},
	date-modified = {2021-11-01},
	lastchecked = {2022-01-02},
	title = {Kapazitäten von Containerschiffen im Weltseehandel in den Jahren 1980 bis 2021},
	url = {https://de.statista.com/statistik/daten/studie/154596/umfrage/kapazitaeten-der-containerschiffe-im-weltseehandel},
	urldate = {2022-01-02}
}

@online{Rabe2021,
    author = {L. Rabe},
	year = {2021},
	date-modified = {2021-11-01},
	lastchecked = {2022-01-02},
	title = {Anteil der Internetnutzer weltweit in den Jahren 2005 bis 2020 sowie eine Schätzung für 2021},
	url = {https://de.statista.com/statistik/daten/studie/805943/umfrage/anteil-der-internetnutzer-weltweit},
	urldate = {2022-01-02}
}

@online{Weltklimakonferenzen,
    author = {Wikipedia},
	year = {2021},
	date-modified = {2021-12-06},
	lastchecked = {2022-01-02},
	title = {Weltklimakonferenzen (WCC) 1979 – 2009},
	url = {https://de.wikipedia.org/w/index.php?title=UN-Klimakonferenz&oldid=217949317#Weltklimakonferenzen_(WCC)_1979_–_2009},
	urldate = {2021-12-31}
}

@online{Span,
    author = {Wikipedia},
	year = {2021},
	date-modified = {2022-01-01},
	lastchecked = {2022-01-02},
	title = {Spanische Grippe},
	url = {https://de.wikipedia.org/w/index.php?title=Spanische_Grippe&oldid=218687498},
	urldate = {2021-01-02}
}

@online{Hanan2021,
    author = {Mishayl Hanan},
	year = {2021},
	date-modified = {2022-10-19},
	lastchecked = {2022-01-02},
	title = {COVID-19 and the Spanish Flu - Drawing Comparisons},
	url = {https://www.biospace.com/article/covid-19-and-the-spanish-flu-drawing-comparisons-/},
	urldate = {2021-01-02}
}

@online{Jeff06,
    author = {Jeffery K. Taubenberger and David M. Morens},
	year = {2006},
	date-modified = {2006-01-12},
	lastchecked = {2022-01-02},
	title = {1918 Influenza: the Mother of All Pandemics},
	url = {https://www.ncbi.nlm.nih.gov/pmc/articles/PMC3291398/},
	urldate = {2021-01-02}
}

@online{Hist10,
    author = {History.com},
	year = {2010},
	date-modified = {2020-05-19},
	lastchecked = {2022-01-02},
	title = {Spnish flu},
	url = {https://www.history.com/topics/world-war-i/1918-flu-pandemic#fighting-the-spanish-flu},
	urldate = {2021-01-02}
}

@online{Bax20,
    author = {Daniel Bax},
	year = {2020},
	date-modified = {2020-03-27},
	lastchecked = {2022-01-02},
	title = {Welt im Fieber},
	url = {https://www.freitag.de/autoren/der-freitag/welt-im-fieber},
	urldate = {2021-01-02}
}

@online{Gov21,
    author = {National Center for Immunization and Respiratory Diseases (NCIRD), Division of Viral Diseases}
	year = {2021},
	date-modified = {2021-02-22},
	lastchecked = {2022-01-02},
	title = {Symptoms of COVID-19},
	url = {https://www.cdc.gov/coronavirus/2019-ncov/symptoms-testing/symptoms.html},
	urldate = {2021-01-02}
}

@online{Rki21,
    author = {National Center for Immunization and Respiratory Diseases (NCIRD), Division of Viral Diseases}
	year = {2021},
	date-modified = {2021-11-26},
	lastchecked = {2022-01-02},
	title = {Epidemiologischer Steckbrief zu SARS-CoV-2 und COVID-19},
	url = {https://www.rki.de/DE/Content/InfAZ/N/Neuartiges_Coronavirus/Steckbrief.html;jsessionid=0FD580DBD67C0FD541955A68379EBC93.internet112?nn=13490888#doc13776792bodyText2},
	urldate = {2021-01-02}
}